@misc{youtubedata,
  author = {YouTube},
  howpublished = "\url{https://www.kaggle.com/datasnaek/youtube}",
  title = {{YouTube Database For Kaggle Competitions}},
}
@book{massiveDatasets,
 author = {Rajaraman, Anand and Ullman, Jeffrey David},
 title = {Mining of Massive Datasets},
 year = {2011},
 isbn = {1107015359, 9781107015357},
 publisher = {Cambridge University Press},
} 


@misc{textblob,
  author = {YouTube},
  howpublished = "\url{https://textblob.readthedocs.io/en/dev}",
  title = {{TextBlob Library For Python}},
}


@inproceedings{tagRecCatDis,
title = {Finding Meaning on YouTube: Tag Recommendation and Category Discovery},
author  = {George Toderici and Hrishikesh Aradhye and Marius Pasca and Luciano Sbaiz and Jay Yagnik},
year  = {2010},
booktitle = {Computer Vision and Pattern Recognition}
}
 
@INPROCEEDINGS{sentiment_review, 
author={T. K. Shivaprasad and J. Shetty}, 
booktitle={2017 International Conference on Inventive Communication and Computational Technologies (ICICCT)}, 
title={Sentiment analysis of product reviews: A review}, 
year={2017}, 
pages={298-301}, 
}